@article{gamma_ray_spec,
	author = {Ebaid, Yasser},
	year = {2010},
	month = {01},
	pages = {},
	title = {Use of gamma-ray spectrometry for uranium isotopic analysis in environmental samples},
	volume = {55},
	journal = {Rom Journ Phys}
}

@inproceedings{firestone19978th,
	title = {The 8th edition of the Table of Isotopes},
	author = {Firestone, Richard B and Shirley, Virginia S and Baglin, Coral M and Chu, SY Frank and Zipkin, Jean},
	booktitle = {Proceedings of the 9th International Symposium on Capture gamma-ray spectroscopy and related topics. V. 2},
	year = {1997}
}

@online{lnhb_234Pa_m,
	author = {Huang Xiaolong, Wang Baosong},
	title = {LNE -- LNHB/CEA Table de Radionucléides},
	year = {2010},
	url = {http://www.nucleide.org/DDEP_WG/Nuclides/Pa-234m_tables.pdf}
}

@online{lnhb_235U,
	author = {Huang Xiaolong, Wang Baosong},
	title = {LNE -- LNHB/CEA Table de Radionucléides},
	year = {2011},
	url = {http://www.nucleide.org/DDEP_WG/Nuclides/U-235_tables.pdf}
}

@online{lnbl_nuclear,
	author = {S.Y.F. Chu, L.P. Ekström and R.B. Firestone},
	title = {The Lund/LBNL Nuclear Data Search},
	year = {1999},
	url = {http://nucleardata.nuclear.lu.se/toi/}
}

