@online{MIT_OPU,
author = {MIT Department of Physics},
title = {Optical Pumping},
year = {2011},
url = {http://web.mit.edu/8.13/www/JLExperiments/JLExp11.pdf}
}
